@book{1,
   author = {A C Cassells},
   pages = {57-80},
   title = {Pathogen and Biological Contamination Management in Plant Tissue Culture: Phytopathogens, Vitro Pathogens, and Vitro Pests},
   url = {https://doi.org/10.10
          07/978-1-61779-818-4_6},
   year = {2012},
}
@article{2,
   author = {Y.-J. Wu and Q.-Q. Song and Y Yuan and F.-Q. Guo and K.-X. Wu and M.-M. Dong},
   journal = {Scientia Horticulturae},
   pages = {109716},
   title = {In vitro efficiency of embryo rescue of intra- and interspecific hybrid crosses of sweet cherry and Chinese cherry cultivars},
   volume = {275},
   url = {https://doi.org/10.1
          016/j.scienta.2020.109716},
   year = {2021},
}
@article{3,
   author = {G Zhou and Y Chen and W Yao and C Zhang and W Xie and J Hua and Y Xing and J Xiao and Q Zhang},
   issue = {39},
   journal = {Proceedings of the National Academy of Sciences},
   pages = {15847-15852},
   title = {Genetic composition of yield heterosis in an elite rice hybrid},
   volume = {109},
   url = {https://doi.org/10.
          1073/pnas.1214141109},
   year = {2012},
}
@article{4,
   author = {S Uma and S Lakshmi and M S Saraswathi},
   journal = {Plant Cell Tiss Organ Cult},
   pages = {105-111},
   title = {Embryo rescue and plant regeneration in bananas},
   volume = {105},
   url = {https://doi.org/10.
          1007/s11240-010-9847-9},
   year = {2011},
}
@book{5,
   author = {R H Smith},
   city = {Texas},
   publisher = {Academic Press},
   title = {Plant Tissue Culture Techniques and Experiments Third Edition},
   year = {2013},
}
@article{6,
   author = {D R Sharma and R Kaur and K Kumar},
   journal = {Euphytica},
   pages = {325-337},
   title = {Embryo rescue in plants- a review},
   year = {1996},
}
@article{7,
   author = {C S Reddy and S Ramireddy and U K Reddy},
   issue = {10},
   journal = {Plants},
   pages = {1320},
   title = {Widening Genetic Diversity Using Embryo Rescue in Cucurbit Crops: A Review},
   volume = {13},
   url = {https://doi.org/10.3
          390/plants13101320},
   year = {2024},
}
@article{8,
   author = {U Rogo and M Fambrini and C Pugliesi},
   journal = {Plants (Basel)},
   title = {Embryo Rescue in Plant Breeding},
   url = {https://doi.org/10.33
          90/plants12173106},
   year = {2023},
}
@article{9,
   author = {K S Rao and S Singh and K R Chandra and J Dawson},
   issue = {22},
   journal = {International Journal of Plant & Soil Science},
   pages = {55-61},
   title = {Effect of nitrogen and foliar application of naphthalene acetic acid (NAA) on growth and yield of baby corn (Zea mays L.)},
   volume = {33},
   year = {2021},
}
@book{10,
   author = {R L Paliwal and G Granados and H R Lafitte and A D Violic},
   publisher = {CIMMYT: FAO},
   title = {El maíz en los trópicos: Mejoramiento y producción},
   url = {https://www.fao.org/4/x7
          650s/x7650s00.htm#toc},
   year = {2001},
}
@article{11,
   author = {C Manuel Hernández-García and C López-Peralta and M Buenrostro-Nava and E Cárdenas-Soriano and A Pellegrineschi},
   issue = {7},
   journal = {Agrociencia},
   pages = {743-753},
   title = {Aprobado: Junio. Publicado Como ARTÍCULO En},
   volume = {41},
   url = {https://www.scielo.org.mx
          /pdf/agro/v41n7/1405-3195-
          agro-41-07-743.pdf},
   year = {2006},
}
@article{12,
   author = {M Liotino and A Varangot and A Y Beznec and M Auteri and A Bossio and D M Lewi},
   journal = {Maydica},
   title = {Shortening of generation cycles in inbred lines of maize (Zea mays L.) through embryo rescue technique},
   year = {2019},
}
@book{13,
   author = {J Li},
   city = {Wuhan, China},
   publisher = {Life Sciences},
   title = {Encyclopedia of Applied Plant Sciences (Second Edition)},
   year = {2017},
}
@book{14,
   author = {D E Hernández Narváez and C D González Barriga and C A Puente Garza and I Cruz Solis and M Rocha Pizaña and J A Gutiérrez Uribe},
   publisher = {Pearson Educación de México, S.A. de C.V.},
   title = {Manual de prácticas para experimentación in vitro},
   year = {2021},
}
@article{15,
   author = {F Hochholdinger and K Woll and M Sauer and D Dembinsky},
   journal = {Annals of Botany},
   pages = {359-368},
   title = {Genetic Dissection of Root Formation in Maize (Zea mays) Reveals Root‐type Specific Developmental Programmes},
   url = {https://doi.org/10.109
          3/aob/mch056},
   year = {2004},
}
@article{16,
   author = {M Daorden and J Marín and A Arbeloa},
   issue = {1},
   journal = {ITEA},
   pages = {71-80},
   title = {GERMINACIÓN IN VITRO DE EMBRIONES INMADUROS A DISTINTAS TEMPERATURAS DE ESTRATIFICACIÓN},
   volume = {98},
   year = {2002},
}
@book{17,
   author = {E De la Cruz},
   publisher = {Instituto Nacional de Investigaciones Nucleares},
   title = {Mejoramiento genético de plantas de interés agrícola},
   url = {https://www.gob.mx/ini
          n/acciones-y-programas/
          mejoramiento-genetico-de
          -plantas-de-interes-agricola},
   year = {2018},
}
@article{18,
   author = {F Cervantes-Ortíz and J Covarrubias-Prieto and José Antonio Rangel-Lucio and A D Terrón-Ibarra and M Mendoza-Elos and R E Preciado-Ortiz},
   issue = {1},
   journal = {Agronomía Mesoamericana},
   pages = {101-110},
   title = {Densidad de población y fertilización nitrogenada en la producción de semilla híbrida de maíz},
   volume = {24},
   url = {https://www.scielo.sa.
          cr/scielo.php?pid=S1659
          -13212013000100010&scr
          ipt=sci_arttext},
   year = {2024},
}

@article{19,
  title={CALLOG ? NESIS Y REGENERACI ? N In Vitro DE ARROZ (Oryza sativa L.) CON LOS BIOESTIMULANTES CUBANOS BIOSTAN Y LIPLANT},
  author={Godoy, E H{\'e}ctor Lianette},
  journal={Cultivos Tropicales},
  volume={27},
  number={3},
  pages={31--36},
  year={2006}
}

@article{20,
  title={Regeneraci{\'o}n in vitro de Laelia anceps ssp. dawsonii},
  author={Espinosa, Hilda E Lee and Cerda, Antonio Laguna and Gonz{\'a}lez, Joaqu{\'\i}n Murgu{\'\i}a and Mart{\'\i}nez, Pablo Elorza and Andreu, Lourdes Georgina Iglesias and Rosas, Benjam{\'\i}n Garc{\'\i}a and Pool, Felipe A Barredo and Buzzy, Nancy Santana},
  journal={Revista Cient{\'\i}fica UDO Agr{\'\i}cola},
  volume={7},
  number={1},
  pages={58--67},
  year={2007},
  publisher={Universidad de Oriente}
}